[gd_scene load_steps=15 format=2]

[ext_resource path="res://Objects/All/carne_crua (1).png" type="Texture" id=1]
[ext_resource path="res://Objects/All/carne_opcao_2.png" type="Texture" id=2]
[ext_resource path="res://Objects/All/carne_assada.png" type="Texture" id=3]
[ext_resource path="res://Objects/All/Prancheta_2.png" type="Texture" id=4]
[ext_resource path="res://Objects/All/chave_de_fenda.png" type="Texture" id=5]
[ext_resource path="res://Objects/All/lenha_opcao_2.png" type="Texture" id=6]
[ext_resource path="res://Objects/All/xicara_da_sra.png" type="Texture" id=7]
[ext_resource path="res://Objects/All/oculos_da_menina.png" type="Texture" id=8]
[ext_resource path="res://Objects/All/lenha_opcao_1.png" type="Texture" id=9]
[ext_resource path="res://Objects/All/gotaMALETA.png" type="Texture" id=10]
[ext_resource path="res://Objects/All/estilete.png" type="Texture" id=11]
[ext_resource path="res://Objects/All/panela.png" type="Texture" id=12]
[ext_resource path="res://Objects/All/envelope.png" type="Texture" id=13]
[ext_resource path="res://Objects/All/fosforo.png" type="Texture" id=14]

[node name="Museu" type="Node2D"]

[node name="ColorRect" type="ColorRect" parent="."]
margin_right = 1926.0
margin_bottom = 1094.0
color = Color( 0.282353, 0.301961, 0.27451, 1 )
__meta__ = {
"_edit_use_anchors_": false
}

[node name="carne_assada" type="Sprite" parent="."]
position = Vector2( 297.012, 318.164 )
texture = ExtResource( 3 )

[node name="carne_crua (1)" type="Sprite" parent="."]
position = Vector2( 617.806, 290.269 )
texture = ExtResource( 1 )

[node name="carne_opcao_2" type="Sprite" parent="."]
position = Vector2( 919.073, 312.585 )
texture = ExtResource( 2 )

[node name="chave_de_fenda" type="Sprite" parent="."]
position = Vector2( 1153.39, 360.007 )
texture = ExtResource( 5 )

[node name="envelope" type="Sprite" parent="."]
position = Vector2( 1370.97, 326.533 )
texture = ExtResource( 13 )

[node name="estilete" type="Sprite" parent="."]
position = Vector2( 1582.98, 354.428 )
texture = ExtResource( 11 )

[node name="fosforo" type="Sprite" parent="."]
position = Vector2( 1764.29, 357.217 )
texture = ExtResource( 14 )

[node name="gotaMALETA" type="Sprite" parent="."]
position = Vector2( 408.593, 647.326 )
texture = ExtResource( 10 )

[node name="lenha_opcao_1" type="Sprite" parent="."]
position = Vector2( 885.599, 532.957 )
texture = ExtResource( 9 )

[node name="lenha_opcao_2" type="Sprite" parent="."]
position = Vector2( 877.23, 717.064 )
texture = ExtResource( 6 )

[node name="oculos_da_menina" type="Sprite" parent="."]
position = Vector2( 1150.6, 611.063 )
texture = ExtResource( 8 )

[node name="panela" type="Sprite" parent="."]
position = Vector2( 1465.82, 591.536 )
texture = ExtResource( 12 )

[node name="Prancheta_2" type="Sprite" parent="."]
position = Vector2( 1463.03, 761.696 )
texture = ExtResource( 4 )

[node name="xicara_da_sra" type="Sprite" parent="."]
position = Vector2( 1153.39, 845.382 )
texture = ExtResource( 7 )
